<record xmlns="http://www.loc.gov/MARC21/slim" xmlns:xsi="http://www.w3.org/2001/XMLSchema-instance" xsi:schemaLocation="http://www.loc.gov/MARC21/slim http://www.loc.gov/standards/marcxml/schema/MARC21slim.xsd">

  <leader>00763nam a22002177a 4500</leader>
  <controlfield tag="008">160617b2012    m  ||||| |||| 00| | spa d</controlfield>
  <datafield tag="022" ind1=" " ind2=" ">
    <subfield code="a">9786072405912</subfield>
  </datafield>
  <datafield tag="090" ind2=" " ind1=" ">
    <subfield code="a">06.02.01 </subfield>
    <subfield code="b"> 2220 </subfield>
  </datafield>
  <datafield tag="100" ind1="1" ind2=" ">
    <subfield code="9">1849</subfield>
    <subfield code="a">Cardemil Oliva, Cecilia </subfield>
  </datafield>
  <datafield ind1="1" ind2="0" tag="245">
    <subfield code="a">Juntos logramos más: Tejiendo encuentros entre familias y maestros / </subfield>
    <subfield code="c">Cecilia Cardemil Oliva, Sonia Lavín Herrera</subfield>
  </datafield>
  <datafield ind1=" " ind2=" " tag="260">
    <subfield code="a">México :</subfield>
    <subfield code="b">SM de Ediciones, </subfield>
    <subfield code="c">2012</subfield>
  </datafield>
  <datafield ind2=" " ind1=" " tag="300">
    <subfield code="a">127 páginas;</subfield>
    <subfield code="b"> ilustraciones</subfield>
  </datafield>
  <datafield tag="490" ind1=" " ind2=" ">
    <subfield code="a">Somos Maestros. Serie Convivencia Escolar</subfield>
  </datafield>
  <datafield tag="650" ind2="4" ind1="1">
    <subfield code="9">1</subfield>
    <subfield code="a">EDUCACIÓN</subfield>
  </datafield>
  <datafield ind2="4" ind1="1" tag="650">
    <subfield code="9">404</subfield>
    <subfield code="a">FAMILIA</subfield>
  </datafield>
  <datafield tag="650" ind1="1" ind2="4">
    <subfield code="9">1850</subfield>
    <subfield code="a">RELACIONES ESCUELA COMUNIDAD</subfield>
  </datafield>
  <datafield tag="650" ind2="4" ind1="1">
    <subfield code="9">576</subfield>
    <subfield code="a">ASPECTOS SOCIALES </subfield>
  </datafield>
  <datafield tag="650" ind1="1" ind2="4">
    <subfield code="9">451</subfield>
    <subfield code="a">POLÍTICA EDUCATIVA</subfield>
  </datafield>
  <datafield tag="700" ind2=" " ind1="1">
    <subfield code="9">1851</subfield>
    <subfield code="a">Lavín Herrera, Sonia </subfield>
  </datafield>
  <datafield ind2=" " ind1=" " tag="942">
    <subfield code="2">z</subfield>
    <subfield code="c">01</subfield>
  </datafield>
  <datafield ind2=" " ind1=" " tag="999">
    <subfield code="c">3258</subfield>
    <subfield code="d">3258</subfield>
  </datafield>
</record>